<?xml version="1.0" encoding="UTF-8"?><collection xmlns="http://www.loc.gov/MARC21/slim"><record><leader>00367nam--2200121-i-4500</leader><controlfield tag="001">000048752</controlfield><controlfield tag="002">20161230</controlfield><controlfield tag="005">20161230201047</controlfield><controlfield tag="008">060222s1000------------r-----000-0-eng-d</controlfield><datafield ind1=" " ind2=" " tag="080"><subfield code="a">614.898(083.81)</subfield></datafield><datafield ind1=" " ind2=" " tag="245"><subfield code="a">Radiation hazard and protection a guide to publ.available in the b.a.r.c. library</subfield></datafield><datafield ind1=" " ind2=" " tag="260"><subfield code="a">Bonbay, Bhabha Atomic Research Centre, 1974, 26p</subfield></datafield><datafield ind1=" " ind2=" " tag="852"><subfield code="a">D.1405</subfield></datafield></record></collection>